
% Examples from https://verbosus.com/bibtex-style-examples.html
@ARTICLE{Article,
  author   = {Peter Adams},
  title    = {The title of the work},
  journal  = {The name of the journal checkhyphenationcheckhyphenation},
  year     = {1993},
  number   = {2},
  pages    = {201-213},
  month    = {7},
  volume   = {4},
  hyphenation={english}
}

@ARTICLE{ArticleRUS,
  author   = {Peter Adams},
  title    = {The title of the work},
  journal  = {The name of the journal проверкапереносасловпроверкапереносаслов и смены языка},
  year     = {1993},
  number   = {2},
  pages    = {201-213},
  month    = {7},
  note     = {In Russian and in English},
  volume   = {4},
  hyphenation={russian}
}
