
% Examples from https://verbosus.com/bibtex-style-examples.html
@ARTICLE{Article,
  author   = {Peter Adams},
  title    = {The title of the work},
  journal  = {The name of the journal},
  year     = {1993},
  number   = {2},
  pages    = {201-213},
  month    = {7},
  note     = {In Russian},
  volume   = {4},
  hyphenation = {english}
}

@BOOK{Book,
  author    = {Peter Babington}, 
  title     = {The title of the work},
  publisher = {The name of the publisher},
  year      = {1993},
  volume    = {4},
  series    = {10},
  address   = {The address},
  edition   = {3},
  month     = {7},
  note      = {In Russian},
  pagetotal = {255},
  isbn      = {3257227892},
  hyphenation  = {english}
}

@BOOKLET{Booklet,
  title        = {The title of the work},
  author       = {Peter Caxton}, 
  address      = {The address of the publisher},
  month        = {7},
  year         = {1993},
  note         = {In Russian},
  pagetotal = {255},
  hyphenation     = {english}
}

@CONFERENCE{Conference,
  author       = {Peter Draper}, 
  title        = {The title of the work},
  booktitle    = {The title of the book},
  year         = {1993},
  editor       = {The editor},
  volume       = {4},
  series       = {5},
  pagetotal = {255},
  address      = {The address of the publisher},
  month        = {7},
  organization = {The organization},
  publisher    = {The publisher},
  note         = {In Russian},
  hyphenation     = {english}
}

@INBOOK{Inbook,
  author       = {Peter Eston},
  title        = {The title of the work},
  booktitle    = {Book title},
  chapter      = {8},
  pages        = {201-213},
  publisher    = {The name of the publisher},
  year         = {1993},
  volume       = {4},
  series       = {5},
  address      = {The address of the publisher},
  edition      = {3},
  month        = {7},
  note         = {In Russian},
  hyphenation     = {english}
}

@INCOLLECTION{Incollection,
  author       = {Peter Farindon},
  title        = {The title of the work},
  booktitle    = {The title of the book},
  publisher    = {The name of the publisher},
  year         = {1993},
  editor       = {The editor},
  volume       = {4},
  series       = {5},
  chapter      = {8},
  pages        = {201-213},
  address      = {The address of the publisher},
  edition      = {3},
  month        = {7},
  note         = {In Russian},
  hyphenation     = {english}
}

@MANUAL{Manual,
  title        = {The title of the work},
  author       = {Peter Gainsford}, 
  organization = {The organization},
  address      = {The address of the publisher},
  edition      = {3},
  month        = {7},
  year         = {1993},
  note         = {In Russian},
  pagetotal = {255},
  hyphenation     = {english}
}

@MASTERSTHESIS{Mastersthesis,
  author       = {Peter Harwood},
  title        = {The title of the work},
  school       = {The school where the thesis was written},
  year         = {1993},
  address      = {The address of the publisher},
  month        = {7},
  note         = {In Russian},
  pagetotal = {255},
  hyphenation     = {english}
}

@MISC{Misc,
  author       = {Peter Isley},
  title        = {The title of the work},
  month        = {7},
  year         = {1993},
  note         = {In Russian},
  pagetotal = {255},
  hyphenation     = {english}
}

@PHDTHESIS{Phdthesis,
  author       = {Peter Joslin}, 
  title        = {The title of the work},
  school       = {The school where the thesis was written},
  science =      {PhD in Engineering},
  year         = {1993},
  address      = {The address of the publisher},
  month        = {7},
  pagetotal = {255},
  hyphenation     = {english}
}

@PROCEEDINGS{Proceedings,
  title        = {The title of the work},
  year         = {1993},
  editor       = {Peter Kidwelly},
  volume       = {4},
  series       = {5},
  address      = {The address of the publisher},
  month        = {7},
  pagetotal = {255},
  organization = {The organization},
  publisher    = {The name of the publisher},
  hyphenation     = {english}
}

@TECHREPORT{Techreport,
  author       = {Peter Lambert},
  title        = {The title of the work},
  institution  = {The institution that published},
  year         = {1993},
  number       = {2},
  address      = {The address of the publisher},
  month        = {7},
  pagetotal = {255},
  hyphenation     = {english}
}

@UNPUBLISHED{Unpublished,
  author       = {Peter Marcheford}, 
  title        = {The title of the work},
  month        = {7},
  year         = {1993},
  pagetotal = {255},
  hyphenation     = {english}
}

@Book{badiou:briefings,
  title =        {Briefings on Existence},
  subtitle =     {A Short Treatise on Transitory Ontology},
  author =       {Badiou, Alain},
  year =         2006,
  translator =   {Norman Madarasz},
  editor =       {Norman Madarasz},
  introduction = {Norman Madarasz},
  isbn =         {978-0-7914-6803-6},
  url =          {https://books.google.ru/books?id=7HNkAT\_NFksC},
  publisher =    {SUNY Press},
  location =     {NY},
  pagetotal = {190},
  origlanguage = {french},
  language =     {english},
  langid =       {english},
  urldate= {2017-12-05}
}

@article{Naidenova2017,
author={Naidenova, X. and Buzmakov, A. and Parkhomenko, V. and Schukin, A.},
title={Notes on relation between symbolic classifiers},
journal={CEUR Workshop Proceedings},
year={2017},
volume={1921},
pages={88--103},
editor={Watson B.W., Kuznetsov S.O.},
publisher={CEUR-WS},
  hyphenation     = {english},
abbrev_source_title={CEUR Workshop Proc.},
document_type={Conference Paper},
source={Scopus},
url={http://ceur-ws.org/Vol-1921/paper9.pdf},
  urldate= {2017-12-19}
}

@BOOK{Ganter1999,
  author = {Ganter, B and Wille, R},
  title = {Formal concept analysis: mathematical foundations},
  year = {1999},
  publisher = {Springer, Berlin},
  pagetotal = {284},
  hyphenation     = {english}
}


%%thesis entry defided as phdthesis for all puroses
@thesis{Peskov2004,
 author = {Peskov, Nickolay Vladimirovich},
 title = {Searching for informative fragments of object descriptions in the recognition tasks},
 year = {2004},
 pagetotal = {102},
 school       = {Scientific council of the complex problem  {\guillemotleft}Cybernetics{\guillemotright}, Moscow},
  hyphenation     = {english},
  langid={english},
  language={english},
  note = {in Russian},
  type =         {phdthesis},
  science =      {cand. phys.-math. sci.},
  specialitycode ={05.13.17}
}



@Online{spbpu-gallery,
  title= {SPbPU photo gallery},
  url =          {http://www.spbstu.ru/media/photo-gallery/},
  urldate =      {2017-11-30},
  hyphenation =     {english}
}

@Online{spbpu-bci-template,
  title= {SPbPU-BCI-template},
  url =          {https://github.com/ParkhomenkoV/SPbPU-BCI-template},
  urldate =      {2017-11-30},
  hyphenation =     {english}
}

@Online{spbpu-bci-template-author-guide,
  title= {Author and editor guide to prepare and submit the academic SPbPU editions to Clarivate Analytics: Book Citation Index Web of Science},
  author = {Parkhomenko, V. and Piskun, O. and Shvetsov, K. and Schukin, A.},
  url =          {https://github.com/ParkhomenkoV/SPbPU-BCI-template/blob/master/Author_guide_SPbPU-BCI.pdf},
  urldate =      {2017-11-30},
  note      = {In Russian},
  year = {2018},
  hyphenation =     {english}
}

@Online{spbpu-bci-template-zip,
  title= {Zip archive of SPbPU-BCI-template},
  url =          {https://github.com/ParkhomenkoV/SPbPU-BCI-template/archive/master.zip},
  urldate =      {2017-11-30},
  hyphenation =     {english}
}

@Online{spbpu-bci-template-issues,
  title= {Issues of the SPbPU-BCI-template project},
  url =          {https://github.com/ParkhomenkoV/SPbPU-BCI-template/issues},
  urldate =      {2017-11-30},
  hyphenation =     {english}
}

@Online{ca-pr,
  title= {Publisher Relations of Clarivate Analytics},
  url =          {https://clarivate.com/products/publisher-relations/},
  urldate =      {2017-11-30},
  hyphenation =     {english}
}

@Online{ca-wos-bci,
  title= {The Selection Process for the Book Citation Index in Web Of Science},
  author={Testa, James},
  url =          {https://clarivate.com/essays/selection-process-book-citation-index-web-science/},
  urldate =      {2017-11-30},
  hyphenation =     {english}
}


@Online{reviewing-easychair,
  title= {EasyChair web site},
  url =          {http://easychair.org/},
  urldate =      {2017-11-30},
  hyphenation =     {english}
}

@Online{latex-courera,
  title= {Introduction to LaTeX},
  author = {Fedorovykh, Danil},
  url =          {https://www.coursera.org/learn/latex},
  urldate =      {2017-11-30},
  note      = {In Russian},
  hyphenation =     {english}
}

@Book{Kotelnikov2004,
  title= {LaTeX in Russian},
  author = {Kotelnikov, I. A. and Chebotaev, P. Z.},
  url =          {http://www.tex.uniyar.ac.ru/doc/kotelnikovchebotaev2004b.pdf},
  urldate =      {2017-11-30},
  note      = {In Russian},
  edition = {3},
  year = {2004},
  hyphenation =     {english},
  publisher = {Sibiskiy Hronograph},
  pagetotal = {496}
}


@Book{Lvovsky2004,
  title= {Typesetting and preparing in the LATEX system},
  author = {Lvovsky, S. M.},
  url =          {ftp://ftp.mccme.ru/pub/tex/lvovsky-newbook/pdf.zip},
  urldate =      {2017-11-30},
  edition = {3},
  year = {2003},
  note      = {In Russian},
  pagetotal = {448},
  hyphenation =     {english}
}


@Online{ctan-memoir,
  title= {The memoir class},
  url =          {https://ctan.org/pkg/memoir},
  author = {Madsen, Lars and Wilson, P. R.},
  urldate =      {2017-11-30},
  hyphenation =     {english}
}

@Online{cand-doct-templates,
  title= {Russian-Phd-LaTeX-Dissertation-Template},
  url = {https://github.com/AndreyAkinshin/Russian-Phd-LaTeX-Dissertation-Template},
  author = {Akinshin, A. and et.al},
  urldate =      {2017-11-30},
  hyphenation =     {english}
}


@Online{latex-stack,
  title= {TeX --- LaTeX Stack Exchange},
  url =          {https://tex.stackexchange.com/},
  urldate =      {2017-11-30},
  hyphenation =     {english}
}

@Online{ctan,
  title= {The Comprehensive TEX Archive Network},
  url =          {https://ctan.org},
  urldate =      {2017-11-30},
  hyphenation =     {english}
}

@Online{scopus-submission,
  title= {Scopus title suggestion},
  url =          {http://suggestor.step.scopus.com/suggestTitle/step1.cfm},
  urldate =      {2017-11-30},
  hyphenation =     {english}
}

@Online{mendeley-web-importer,
  title= {Mendeley Web Importer},
  url =          {https://www.mendeley.com/reference-management/web-importer},
  urldate =      {2017-11-30},
  hyphenation =     {english}
}

@Online{google-scholar,
  title= {Google Scholar},
  url =          {https://scholar.google.com/},
  urldate =      {2017-11-30},
  hyphenation =     {english}
}



@Online{ctan-biblatex-gost,
  title= {BibLATEX support for GOST standard bibliographies},
  url =          {https://ctan.org/pkg/biblatex-gost},
  author = {Domanov, Oleg},
  urldate =      {2017-11-30},
  note = {in Russian},
  hyphenation =     {english}
}


@Online{ctan-layouts,
  title= {The layouts package},
  url =          {https://ctan.org/pkg/layouts},
  author = {Robertson, Will and Wilson, P. R.},
  urldate =      {2017-11-30},
  hyphenation =     {english}
}


@Online{spbpu-brandbook,
  title= {The SPbPU brandbook},
  url =          {http://www.spbstu.ru/university/organizational-documents/corporate-identity/},
  urldate =      {2017-11-30},
  hyphenation =     {english}
}


@Online{spbpu-doi-centre,
  title= {The national centre for the identification of scientific data},
  url =          {http://doi.spbstu.ru/ru/},
  urldate =      {2017-11-30},
  hyphenation =     {english}
}


@Online{ctan-tikz,
  title= {The TikZ and PGF packages},
  url =          {https://ctan.org/pkg/pgf},
  author = {Feuersanger, Christian and Tantau, Till},
  urldate =      {2017-11-30},
  hyphenation =     {english}
}


@Online{ctan-algorithm2e,
  title= {The algorithm2e package},
  url =          {https://ctan.org/pkg/algorithm2e},
  author = {Fiorio, Christophe},
  urldate =      {2017-11-30},
  hyphenation =     {english}
}

@Online{ctan-makeidx,
  title= {The makeidx package},
  url =          {https://ctan.org/pkg/makeidx},
  urldate =      {2017-11-30},
  hyphenation =     {english}
}